@techreport{Panait2005,
author = {Panait, Liviu and Luke, Sean},
title = {{Cooperative Multi-Agent Learning: The State of the Art}},
year = {2005}
}

@inproceedings{Zoumpoulaki2010,
author = {Zoumpoulaki, Alexia and Avradinis, Nikos and Vosinakis, Spyros},
booktitle = {Hellenic Conference on Artificial Intelligence. Springer, Berlin, Heidelberg, 2010.},
doi = {10.1007/978-3-642-12842-4_54},
pages = {423--428},
title = {{A Multi-Agent Simulation Framework for Emergency Evacuations Incorporating Personality and Emotions}},
year = {2010}
}
@article{Eder2007,
author = {Eder, Kerstin and Flach, Peter and Hsueh, Hsiou Wen},
doi = {10.1007/978-3-540-73847-3_20},
journal = {Lecture Notes in Computer Science (including subseries Lecture Notes in Artificial Intelligence and Lecture Notes in Bioinformatics)},
pages = {154--168},
title = {{Towards automating simulation-based design verification using ILP}},
volume = {4455 LNAI},
year = {2007}
}

@article{Araiza-Illan2016,
archivePrefix = {arXiv},
arxivId = {1604.05508},
author = {Araiza-Illan, Dejanira and Pipe, Anthony G. and Eder, Kerstin},
journal = {ACM International Conference Proceeding Series},
pages = {9--16},
title = {{Intelligent agent-based stimulation for testing robotic software in human-robot interactions}},
year = {2016}
}


@article{Enoiu2019,
author = {Enoiu, Eduard Paul and Frasheri, Mirgita},
journal = {2nd IEEE Workshop on NEXt level of Test Automation},
title = {{Test Agents: The Next Generation of Test Cases}},
year = {2019}
}

@incollection{Jakobi1995,
author = {Jakobi, Nick and Husbands, Phil and Harvey, Inman},
doi = {10.1007/3-540-59496-5_337},
pages = {704--720},
publisher = {Springer, Berlin, Heidelberg},
title = {{Noise and the reality gap: The use of simulation in evolutionary robotics}},
year = {1995}
}

@article{Waters2015,
author = {Waters, Max and Padgham, Lin and Sardina, Sebastian},
title = {{Improving domain-independent intention selection in BDI systems Article in Autonomous Agents and Multi-Agent Systems {\textperiodcentered} Improving Domain-Independent Intention Selection in BDI Systems}},
year = {2015}
}

@misc{Schut2004,
author = {Schut, Martijn and Wooldridge, Michael and Parsons, Simon},
booktitle = {Journal of Experimental and Theoretical Artificial Intelligence},
number = {4},
pages = {261--293},
title = {{The theory and practice of intention reconsideration}},
volume = {16},
year = {2004}
}

@inproceedings{georgeff1987reactive,
  title={Reactive reasoning and planning.},
  author={Georgeff, Michael P and Lansky, Amy L},
  booktitle={AAAI},
  volume={87},
  pages={677--682},
  year={1987}
}

@incollection{georgeff1988communication,
  title={Communication and interaction in multi-agent planning},
  author={Georgeff, Michael},
  booktitle={Readings in distributed artificial intelligence},
  pages={200--204},
  year={1988},
  publisher={Elsevier}
}

@article{Singh2010,
author = {Singh, Dhirendra and Sardina, Sebastian and Padgham, Lin},
journal = {Robotics and Autonomous Systems},
month = {sep},
number = {9},
pages = {1067--1075},
publisher = {North-Holland},
title = {{Extending BDI plan selection to incorporate learning from experience}},
volume = {58},
year = {2010}
}

@inproceedings{faccin2015bdi,
  title={Bdi-agent plan selection based on prediction of plan outcomes},
  author={Faccin, Joao and Nunes, Ingrid},
  booktitle={2015 IEEE/WIC/ACM International Conference on Web Intelligence and Intelligent Agent Technology (WI-IAT)},
  volume={2},
  pages={166--173},
  year={2015},
  organization={IEEE}
}
@article{utting2012taxonomy,
  title={A taxonomy of model-based testing approaches},
  author={Utting, Mark and Pretschner, Alexander and Legeard, Bruno},
  journal={Software Testing, Verification and Reliability},
  volume={22},
  number={5},
  pages={297--312},
  year={2012},
  publisher={Wiley Online Library}
}
@article{codes2011highway,
  title={HIGHWAY CODE},
  author={CODES, ARRANGEMENT OF},
  year={2011}
}
@misc{ViennaConv,
  title = {Vienna Convention on Road Traffic},
  howpublished = {\url{https://treaties.un.org/Pages/ViewDetailsIII.aspx?src=TREATY&mtdsg_no=XI-B-19&chapter=11&Temp=mtdsg3&lang=en}},
  note = {Accessed: 2019-10-03}
}
@misc{RoadTraffic1988,
  title = {UK Road Traffic Act 1988},
  howpublished = {\url{http://www.legislation.gov.uk/ukpga/1988/52/contents}},
  note = {Accessed: 2019-10-03}
}
@article{Ulbrich2015,
author = {Ulbrich, Simon and Menzel, Till and Reschka, Andreas and Schuldt, Fabian and Maurer, Markus},
journal = {IEEE Conference on Intelligent Transportation Systems, Proceedings, ITSC},
pages = {982--988},
title = {{Defining and Substantiating the Terms Scene, Situation, and Scenario for Automated Driving}},
volume = {2015-Oct},
year = {2015}
}


